<?xml version="1.0" encoding="UTF-8"?><collection xmlns="http://www.loc.gov/MARC21/slim"><record><leader>00425nam--2200145-i-4500</leader><controlfield tag="001">000044599</controlfield><controlfield tag="002">20161230</controlfield><controlfield tag="005">20161230201044</controlfield><controlfield tag="008">060222s1000------------r-----000-0-eng-d</controlfield><datafield ind1=" " ind2=" " tag="080"><subfield code="a">338.06:651:62-52</subfield></datafield><datafield ind1=" " ind2=" " tag="100"><subfield code="a">Thibert, R.B</subfield></datafield><datafield ind1=" " ind2=" " tag="245"><subfield code="a">L`optimisation et les controles de la productivite etde la rentabilite de l`entreprise</subfield></datafield><datafield ind1=" " ind2=" " tag="260"><subfield code="a">Paris, Dunod, 1968, Xiii+296p</subfield></datafield><datafield ind1=" " ind2=" " tag="490"><subfield code="a">L`Economie D`Entreprise-14</subfield></datafield><datafield ind1=" " ind2=" " tag="852"><subfield code="a">61517</subfield></datafield></record></collection>